@article{ImageNet,
  author={Deng, Jia and Dong, Wei and Socher, Richard and Li, Li-Jia and Kai Li and Li Fei-Fei},
  booktitle={2009 IEEE Conference on Computer Vision and Pattern Recognition}, 
  title={ImageNet: A large-scale hierarchical image database}, 
  year={2009},
  volume={},
  number={},
  pages={248-255},
  doi={10.1109/CVPR.2009.5206848}
}

@misc{VGG,
      title={Very Deep Convolutional Networks for Large-Scale Image Recognition}, 
      author={Karen Simonyan and Andrew Zisserman},
      year={2015},
      eprint={1409.1556},
      archivePrefix={arXiv},
      primaryClass={cs.CV}
}

@misc{ResNet,
      title={Deep Residual Learning for Image Recognition}, 
      author={Kaiming He and Xiangyu Zhang and Shaoqing Ren and Jian Sun},
      year={2015},
      eprint={1512.03385},
      archivePrefix={arXiv},
      primaryClass={cs.CV}
}

@misc{GoogleNet,
      title={Going Deeper with Convolutions}, 
      author={Christian Szegedy and Wei Liu and Yangqing Jia and Pierre Sermanet and Scott Reed and Dragomir Anguelov and Dumitru Erhan and Vincent Vanhoucke and Andrew Rabinovich},
      year={2014},
      eprint={1409.4842},
      archivePrefix={arXiv},
      primaryClass={cs.CV}
}

@misc{Vicreg,
      title={VICReg: Variance-Invariance-Covariance Regularization for Self-Supervised Learning}, 
      author={Adrien Bardes and Jean Ponce and Yann LeCun},
      year={2022},
      eprint={2105.04906},
      archivePrefix={arXiv},
      primaryClass={cs.CV}
}

@misc{Barlow_Twins,
      title={Barlow Twins: Self-Supervised Learning via Redundancy Reduction}, 
      author={Jure Zbontar and Li Jing and Ishan Misra and Yann LeCun and St√©phane Deny},
      year={2021},
      eprint={2103.03230},
      archivePrefix={arXiv},
      primaryClass={cs.CV}
}

@misc{Whitening_MSE,
      title={Whitening for Self-Supervised Representation Learning}, 
      author={Aleksandr Ermolov and Aliaksandr Siarohin and Enver Sangineto and Nicu Sebe},
      year={2021},
      eprint={2007.06346},
      archivePrefix={arXiv},
      primaryClass={cs.LG}
}

@misc{SimCLR,
      title={A Simple Framework for Contrastive Learning of Visual Representations}, 
      author={Ting Chen and Simon Kornblith and Mohammad Norouzi and Geoffrey Hinton},
      year={2020},
      eprint={2002.05709},
      archivePrefix={arXiv},
      primaryClass={cs.LG}
}

@misc{MoCo,
      title={Momentum Contrast for Unsupervised Visual Representation Learning}, 
      author={Kaiming He and Haoqi Fan and Yuxin Wu and Saining Xie and Ross Girshick},
      year={2020},
      eprint={1911.05722},
      archivePrefix={arXiv},
      primaryClass={cs.CV}
}

@misc{MoCo_V2,
      title={Improved Baselines with Momentum Contrastive Learning}, 
      author={Xinlei Chen and Haoqi Fan and Ross Girshick and Kaiming He},
      year={2020},
      eprint={2003.04297},
      archivePrefix={arXiv},
      primaryClass={cs.CV}
}

@misc{Mazumder_2021, 
      series={interspeech_2021},
      title={Few-Shot Keyword Spotting in Any Language},
      url={http://dx.doi.org/10.21437/Interspeech.2021-1966},
      DOI={10.21437/interspeech.2021-1966},
      booktitle={Interspeech 2021},
      publisher={ISCA},
      author={Mazumder, Mark and Banbury, Colby and Meyer, Josh and Warden, Pete and Reddi, Vijay Janapa},
      year={2021},
      month=aug, collection={interspeech_2021} }

@misc{lin2020training,
      title={Training Keyword Spotters with Limited and Synthesized Speech Data}, 
      author={James Lin and Kevin Kilgour and Dominik Roblek and Matthew Sharifi},
      year={2020},
      eprint={2002.01322},
      archivePrefix={arXiv},
      primaryClass={eess.AS}
}

@article{ResNet18,
author = {Sai Abhishek, Allena Venkata},
year = {2022},
month = {07},
pages = {2320-2882},
title = {Resnet18 Model With Sequential Layer For Computing Accuracy On Image Classification Dataset},
volume = {10}
}

@misc{cifar10,
  title = {University of Toronto, The CIFAR-10 dataset},
  howpublished = "\url{https://www.cs.toronto.edu/~kriz/cifar.html}",
}

@misc{tiny_imagenet,
  title = {Papers with code, Tiny ImageNet},
  howpublished = "\url{https://paperswithcode.com/dataset/tiny-imagenet}",
}

@misc{TSNE,
  title = {Scikit-learn, T-SNE},
  howpublished = "\url{https://scikit-learn.org/stable/modules/generated/sklearn.manifold.TSNE.html}",
}
